<?xml version="1.0" encoding="UTF-8" ?><marc:collection xmlns:marc="http://www.loc.gov/MARC21/slim" xmlns:xsi="http://www.w3.org/2001/XMLSchema-instance" xsi:schemaLocation="http://www.loc.gov/MARC21/slim http://www.loc.gov/standards/marcxml/schema/MARC21slim.xsd">
<marc:record><marc:leader>03037cam a2200553Ma 4500</marc:leader>
<marc:controlfield tag="001">ocm65334340</marc:controlfield>
<marc:controlfield tag="003">OCoLC</marc:controlfield><marc:controlfield tag="005">20160323121433.0</marc:controlfield><marc:controlfield tag="006">m     o  d        </marc:controlfield><marc:controlfield tag="007">cr            </marc:controlfield><marc:controlfield tag="008">060112s1795    enkbf   o     000 0 eng d</marc:controlfield><marc:datafield tag="019" ind1=" " ind2=" "><marc:subfield code="a">84860593</marc:subfield><marc:subfield code="a">681540104</marc:subfield><marc:subfield code="a">712702046</marc:subfield></marc:datafield><marc:datafield tag="019" ind1=" " ind2=" "><marc:subfield code="a">84860593</marc:subfield><marc:subfield code="a">681540104</marc:subfield><marc:subfield code="a">712702046</marc:subfield></marc:datafield><marc:datafield tag="035" ind1=" " ind2=" "><marc:subfield code="a">(OCoLC)65334340</marc:subfield><marc:subfield code="z">(OCoLC)84860593</marc:subfield><marc:subfield code="z">(OCoLC)681540104</marc:subfield><marc:subfield code="z">(OCoLC)712702046</marc:subfield></marc:datafield><marc:datafield tag="040" ind1=" " ind2=" "><marc:subfield code="a">GMOME</marc:subfield><marc:subfield code="b">eng</marc:subfield><marc:subfield code="c">GMOME</marc:subfield><marc:subfield code="d">VOD</marc:subfield><marc:subfield code="d">ZYU</marc:subfield><marc:subfield code="d">OCLCQ</marc:subfield><marc:subfield code="d">UBF</marc:subfield><marc:subfield code="d">OCLCQ</marc:subfield><marc:subfield code="d">OCLCF</marc:subfield><marc:subfield code="d">OCLCO</marc:subfield><marc:subfield code="d">DEBBG</marc:subfield><marc:subfield code="d">OCLCE</marc:subfield><marc:subfield code="d">MNM</marc:subfield><marc:subfield code="d">NLGGC</marc:subfield><marc:subfield code="d">TFW</marc:subfield></marc:datafield><marc:datafield tag="042" ind1=" " ind2=" "><marc:subfield code="a">dlr</marc:subfield></marc:datafield><marc:datafield tag="043" ind1=" " ind2=" "><marc:subfield code="a">n-us---</marc:subfield></marc:datafield><marc:datafield tag="049" ind1=" " ind2=" "><marc:subfield code="a">TFWW</marc:subfield></marc:datafield><marc:datafield tag="050" ind1=" " ind2="4"><marc:subfield code="a">E164</marc:subfield><marc:subfield code="b">.C78 </marc:subfield></marc:datafield><marc:datafield tag="245" ind1="0" ind2="0"><marc:subfield code="a">Some information respecting America</marc:subfield><marc:subfield code="h">[electronic resource] /</marc:subfield><marc:subfield code="c">collected by Thomas Cooper.</marc:subfield></marc:datafield><marc:datafield tag="250" ind1=" " ind2=" "><marc:subfield code="a">2nd ed.</marc:subfield></marc:datafield><marc:datafield tag="260" ind1=" " ind2=" "><marc:subfield code="a">London :</marc:subfield><marc:subfield code="b">Printed for J. Johnson,</marc:subfield><marc:subfield code="c">1795.</marc:subfield></marc:datafield><marc:datafield tag="300" ind1=" " ind2=" "><marc:subfield code="a">1 online resource (iv, 240 p., [1] leaf of plates) :</marc:subfield><marc:subfield code="b">map.</marc:subfield></marc:datafield><marc:datafield tag="336" ind1=" " ind2=" "><marc:subfield code="a">text</marc:subfield><marc:subfield code="b">txt</marc:subfield><marc:subfield code="2">rdacontent</marc:subfield></marc:datafield><marc:datafield tag="337" ind1=" " ind2=" "><marc:subfield code="a">computer</marc:subfield><marc:subfield code="b">c</marc:subfield><marc:subfield code="2">rdamedia</marc:subfield></marc:datafield><marc:datafield tag="338" ind1=" " ind2=" "><marc:subfield code="a">online resource</marc:subfield><marc:subfield code="b">cr</marc:subfield><marc:subfield code="2">rdacarrier</marc:subfield></marc:datafield><marc:datafield tag="505" ind1="0" ind2=" "><marc:subfield code="a">Letters from America to a friend in England -- [Tables of weight and measure, prices, duties, etc.] -- Constitution of the United States --Extract from a work not yet published ... entitled, A view of the United States of America / by Tench Coxe -- Information to those who would remove to America, written some time since / by Dr. Benjamin Franklin.</marc:subfield></marc:datafield><marc:datafield tag="510" ind1="4" ind2=" "><marc:subfield code="a">Microbook library of American civilization,</marc:subfield><marc:subfield code="c">LAC 11427</marc:subfield></marc:datafield><marc:datafield tag="510" ind1="4" ind2=" "><marc:subfield code="a">English short title catalogue</marc:subfield><marc:subfield code="c">T135231</marc:subfield></marc:datafield><marc:datafield tag="590" ind1=" " ind2=" "><marc:subfield code="a">Print copy in Tufts Special Collections.</marc:subfield></marc:datafield><marc:datafield tag="506" ind1=" " ind2=" "><marc:subfield code="a">Tufts print copy: Apply to the curator of rare books.</marc:subfield><marc:subfield code="5">MMeT</marc:subfield></marc:datafield><marc:datafield tag="533" ind1=" " ind2=" "><marc:subfield code="a">Electronic reproduction.</marc:subfield><marc:subfield code="b">Medford, MA :</marc:subfield><marc:subfield code="c">Tisch Library, Tufts University,</marc:subfield><marc:subfield code="d">2015.</marc:subfield><marc:subfield code="n">Scanned by the Boston Library Consortium/Open Content Alliance as part of the BLC OCA Digitization Project from a copy at the Tisch Library, Tufts University.</marc:subfield><marc:subfield code="5">MMeT</marc:subfield></marc:datafield><marc:datafield tag="588" ind1=" " ind2=" "><marc:subfield code="a">Description based on print version record.</marc:subfield></marc:datafield><marc:datafield tag="610" ind1="1" ind2="0"><marc:subfield code="a">United States.</marc:subfield><marc:subfield code="t">Constitution.</marc:subfield></marc:datafield><marc:datafield tag="651" ind1=" " ind2="0"><marc:subfield code="a">United States</marc:subfield><marc:subfield code="x">Economic conditions.</marc:subfield></marc:datafield><marc:datafield tag="655" ind1=" " ind2="7"><marc:subfield code="a">Electronic books.</marc:subfield><marc:subfield code="2">lcgft</marc:subfield></marc:datafield><marc:datafield tag="700" ind1="1" ind2=" "><marc:subfield code="a">Cooper, Thomas,</marc:subfield><marc:subfield code="d">1759-1839.</marc:subfield></marc:datafield><marc:datafield tag="700" ind1="1" ind2=" "><marc:subfield code="a">Coxe, Tench,</marc:subfield><marc:subfield code="d">1755-1824.</marc:subfield></marc:datafield><marc:datafield tag="700" ind1="1" ind2=" "><marc:subfield code="a">Franklin, Benjamin,</marc:subfield><marc:subfield code="d">1706-1790.</marc:subfield></marc:datafield><marc:datafield tag="752" ind1=" " ind2=" "><marc:subfield code="a">Great Britain</marc:subfield><marc:subfield code="b">England</marc:subfield><marc:subfield code="d">London.</marc:subfield></marc:datafield><marc:datafield tag="776" ind1="0" ind2="8"><marc:subfield code="i">Print version:</marc:subfield><marc:subfield code="a">Cooper, Thomas, 1759-1839.</marc:subfield><marc:subfield code="t">Some information respecting America.</marc:subfield><marc:subfield code="b">The second edition.</marc:subfield><marc:subfield code="d">London : Printed for J. Johnson, in St.. Paul's Church Yard, MDCCXCV [1795]</marc:subfield><marc:subfield code="w">(OCoLC)4743428</marc:subfield></marc:datafield><marc:datafield tag="856" ind1="4" ind2="0"><marc:subfield code="u">http://ezproxy.library.tufts.edu/login?url=http://galenet.galegroup.com/servlet/MOME?af=RN&amp;ae=U102539076&amp;srchtp=a&amp;ste=14&amp;locID=mlin_m_tufts</marc:subfield><marc:subfield code="z">Available via The Making of the Modern World</marc:subfield></marc:datafield><marc:datafield tag="856" ind1="4" ind2="0"><marc:subfield code="u">https://archive.org/details/someinformationr00coop_0</marc:subfield><marc:subfield code="z">Full-text -- Internet Archive</marc:subfield></marc:datafield><marc:datafield tag="907" ind1=" " ind2=" "><marc:subfield code="a">.b1812639x</marc:subfield><marc:subfield code="b">03-23-16</marc:subfield><marc:subfield code="c">10-13-06</marc:subfield></marc:datafield><marc:datafield tag="998" ind1=" " ind2=" "><marc:subfield code="a">u</marc:subfield><marc:subfield code="b">03-23-16</marc:subfield><marc:subfield code="c">m</marc:subfield><marc:subfield code="d">@</marc:subfield><marc:subfield code="e">-</marc:subfield><marc:subfield code="f">eng</marc:subfield><marc:subfield code="g">enk</marc:subfield><marc:subfield code="h">0</marc:subfield><marc:subfield code="i">1</marc:subfield></marc:datafield><marc:datafield tag="910" ind1=" " ind2=" "><marc:subfield code="a">E-MARC MoMe 10/2006</marc:subfield></marc:datafield><marc:datafield tag="910" ind1=" " ind2=" "><marc:subfield code="a">73 03/2016</marc:subfield></marc:datafield><marc:datafield tag="910" ind1=" " ind2=" "><marc:subfield code="a">BLC OCA Digitization Project 2015-12-14</marc:subfield></marc:datafield><marc:datafield tag="955" ind1=" " ind2=" "><marc:subfield code="b">ark:/13960/t9w12xx92</marc:subfield><marc:subfield code="q">someinformationr00coop_0</marc:subfield></marc:datafield></marc:record>