
<marc:record><marc:leader>02774cam a2200517Ma 4500</marc:leader>
<marc:controlfield tag="001">ocm62836496</marc:controlfield>
<marc:controlfield tag="003">OCoLC</marc:controlfield><marc:controlfield tag="005">20160311041212.0</marc:controlfield><marc:controlfield tag="006">m     o  d        </marc:controlfield><marc:controlfield tag="007">cr            </marc:controlfield><marc:controlfield tag="008">820924s1797    nyu     o     000 0aeng d</marc:controlfield><marc:datafield tag="019" ind1=" " ind2=" "><marc:subfield code="a">263034945</marc:subfield><marc:subfield code="a">511065447</marc:subfield><marc:subfield code="a">648451849</marc:subfield><marc:subfield code="a">656600868</marc:subfield><marc:subfield code="a">681173586</marc:subfield><marc:subfield code="a">682303380</marc:subfield><marc:subfield code="a">722510069</marc:subfield><marc:subfield code="a">734040899</marc:subfield></marc:datafield><marc:datafield tag="019" ind1=" " ind2=" "><marc:subfield code="a">263034945</marc:subfield><marc:subfield code="a">511065447</marc:subfield><marc:subfield code="a">648451849</marc:subfield><marc:subfield code="a">656600868</marc:subfield><marc:subfield code="a">681173586</marc:subfield><marc:subfield code="a">682303380</marc:subfield><marc:subfield code="a">722510069</marc:subfield><marc:subfield code="a">734040899</marc:subfield></marc:datafield><marc:datafield tag="035" ind1=" " ind2=" "><marc:subfield code="a">(OCoLC)62836496</marc:subfield><marc:subfield code="z">(OCoLC)263034945</marc:subfield><marc:subfield code="z">(OCoLC)511065447</marc:subfield><marc:subfield code="z">(OCoLC)648451849</marc:subfield><marc:subfield code="z">(OCoLC)656600868</marc:subfield><marc:subfield code="z">(OCoLC)681173586</marc:subfield><marc:subfield code="z">(OCoLC)682303380</marc:subfield><marc:subfield code="z">(OCoLC)722510069</marc:subfield><marc:subfield code="z">(OCoLC)734040899</marc:subfield></marc:datafield><marc:datafield tag="040" ind1=" " ind2=" "><marc:subfield code="a">MNU</marc:subfield><marc:subfield code="b">eng</marc:subfield><marc:subfield code="c">MNU</marc:subfield><marc:subfield code="d">OCLCG</marc:subfield><marc:subfield code="d">WEA</marc:subfield><marc:subfield code="d">NNM</marc:subfield><marc:subfield code="d">OCLCQ</marc:subfield><marc:subfield code="d">OKU</marc:subfield><marc:subfield code="d">MIGCL</marc:subfield><marc:subfield code="d">OCLCE</marc:subfield><marc:subfield code="d">VT2</marc:subfield><marc:subfield code="d">OCLCQ</marc:subfield><marc:subfield code="d">OCLCF</marc:subfield><marc:subfield code="d">OCLCO</marc:subfield><marc:subfield code="d">NLGGC</marc:subfield><marc:subfield code="d">TFW</marc:subfield></marc:datafield><marc:datafield tag="042" ind1=" " ind2=" "><marc:subfield code="a">dlr</marc:subfield></marc:datafield><marc:datafield tag="043" ind1=" " ind2=" "><marc:subfield code="a">n-us---</marc:subfield></marc:datafield><marc:datafield tag="049" ind1=" " ind2=" "><marc:subfield code="a">TFWW</marc:subfield></marc:datafield><marc:datafield tag="050" ind1=" " ind2="4"><marc:subfield code="a">BX7795.S4</marc:subfield><marc:subfield code="b">A5</marc:subfield></marc:datafield><marc:datafield tag="100" ind1="1" ind2=" "><marc:subfield code="a">Scott, Job,</marc:subfield><marc:subfield code="d">1751-1793.</marc:subfield></marc:datafield><marc:datafield tag="245" ind1="1" ind2="0"><marc:subfield code="a">Journal of the life, travels and Gospel labours of that faithful servant and minister of Christ, Job Scott</marc:subfield><marc:subfield code="h">[electronic resource].</marc:subfield></marc:datafield><marc:datafield tag="260" ind1=" " ind2=" "><marc:subfield code="a">New-York :</marc:subfield><marc:subfield code="b">Printed and sold by Isaac Collins, no. 189, Pearl-Street,</marc:subfield><marc:subfield code="c">1797.</marc:subfield></marc:datafield><marc:datafield tag="300" ind1=" " ind2=" "><marc:subfield code="a">1 online resource (xii, [2], 360 p.)</marc:subfield></marc:datafield><marc:datafield tag="336" ind1=" " ind2=" "><marc:subfield code="a">text</marc:subfield><marc:subfield code="b">txt</marc:subfield><marc:subfield code="2">rdacontent</marc:subfield></marc:datafield><marc:datafield tag="337" ind1=" " ind2=" "><marc:subfield code="a">computer</marc:subfield><marc:subfield code="b">c</marc:subfield><marc:subfield code="2">rdamedia</marc:subfield></marc:datafield><marc:datafield tag="338" ind1=" " ind2=" "><marc:subfield code="a">online resource</marc:subfield><marc:subfield code="b">cr</marc:subfield><marc:subfield code="2">rdacarrier</marc:subfield></marc:datafield><marc:datafield tag="500" ind1=" " ind2=" "><marc:subfield code="a">&quot;A testimony from the Monthly Meeting of Providence concerning Job Scott.&quot;--P. iii-x.</marc:subfield></marc:datafield><marc:datafield tag="500" ind1=" " ind2=" "><marc:subfield code="a">Signatures: a⁶ chi1 B-2H⁶.</marc:subfield></marc:datafield><marc:datafield tag="510" ind1="4" ind2=" "><marc:subfield code="a">Evans</marc:subfield><marc:subfield code="c">32810</marc:subfield></marc:datafield><marc:datafield tag="510" ind1="4" ind2=" "><marc:subfield code="a">English short title catalogue</marc:subfield><marc:subfield code="c">W19882</marc:subfield></marc:datafield><marc:datafield tag="590" ind1=" " ind2=" "><marc:subfield code="a">Print copy in Tufts Special Collections.</marc:subfield></marc:datafield><marc:datafield tag="506" ind1=" " ind2=" "><marc:subfield code="a">Tufts print copy: Apply to the curator of rare books</marc:subfield><marc:subfield code="5">MMeT</marc:subfield></marc:datafield><marc:datafield tag="533" ind1=" " ind2=" "><marc:subfield code="a">Electronic reproduction.</marc:subfield><marc:subfield code="b">Medford, MA :</marc:subfield><marc:subfield code="c">Tisch Library, Tufts University,</marc:subfield><marc:subfield code="d">2015.</marc:subfield><marc:subfield code="n">Scanned by the Boston Library Consortium/Open Content Alliance as part of the BLC OCA Digitization Project from a copy at the Tisch Library, Tufts University.</marc:subfield><marc:subfield code="5">MMeT</marc:subfield></marc:datafield><marc:datafield tag="588" ind1=" " ind2=" "><marc:subfield code="a">Description based on print version record.</marc:subfield></marc:datafield><marc:datafield tag="600" ind1="1" ind2="0"><marc:subfield code="a">Scott, Job,</marc:subfield><marc:subfield code="d">1751-1793.</marc:subfield></marc:datafield><marc:datafield tag="650" ind1=" " ind2="0"><marc:subfield code="a">Quakers</marc:subfield><marc:subfield code="v">Biography</marc:subfield><marc:subfield code="v">Early works to 1800.</marc:subfield></marc:datafield><marc:datafield tag="655" ind1=" " ind2="7"><marc:subfield code="a">Electronic books.</marc:subfield><marc:subfield code="2">lcgft</marc:subfield></marc:datafield><marc:datafield tag="752" ind1=" " ind2=" "><marc:subfield code="a">United States</marc:subfield><marc:subfield code="b">New York (State)</marc:subfield><marc:subfield code="d">New York.</marc:subfield></marc:datafield><marc:datafield tag="776" ind1="0" ind2="8"><marc:subfield code="i">Print version:</marc:subfield><marc:subfield code="a">Scott, Job, 1751-1793.</marc:subfield><marc:subfield code="t">Journal of the life, travels and Gospel labours of that faithful servant and minister of Christ, Job Scott.</marc:subfield><marc:subfield code="d">New-York : Printed and sold by Isaac Collins, no. 189, Pearl-Street</marc:subfield><marc:subfield code="w">(DLC)   00526116</marc:subfield><marc:subfield code="w">(OCoLC)45059050</marc:subfield></marc:datafield><marc:datafield tag="856" ind1="4" ind2="0"><marc:subfield code="u">https://archive.org/details/journaloflifetra00scot_0</marc:subfield><marc:subfield code="z">Full-text -- Internet Archive</marc:subfield></marc:datafield><marc:datafield tag="907" ind1=" " ind2=" "><marc:subfield code="a">.b29132708</marc:subfield><marc:subfield code="b">03-20-16</marc:subfield><marc:subfield code="c">03-11-16</marc:subfield></marc:datafield><marc:datafield tag="998" ind1=" " ind2=" "><marc:subfield code="a">u</marc:subfield><marc:subfield code="b">03-11-16</marc:subfield><marc:subfield code="c">m</marc:subfield><marc:subfield code="d">@</marc:subfield><marc:subfield code="e">-</marc:subfield><marc:subfield code="f">eng</marc:subfield><marc:subfield code="g">nyu</marc:subfield><marc:subfield code="h">0</marc:subfield><marc:subfield code="i">0</marc:subfield></marc:datafield><marc:datafield tag="910" ind1=" " ind2=" "><marc:subfield code="a">BLC OCA Digitization Project 2015-12-14</marc:subfield></marc:datafield><marc:datafield tag="910" ind1=" " ind2=" "><marc:subfield code="a">73 03/2016</marc:subfield></marc:datafield><marc:datafield tag="955" ind1=" " ind2=" "><marc:subfield code="b">ark:/13960/t0dv5dk32</marc:subfield><marc:subfield code="q">journaloflifetra00scot_0</marc:subfield></marc:datafield><marc:datafield tag="994" ind1=" " ind2=" "><marc:subfield code="a">C0</marc:subfield><marc:subfield code="b">TFW</marc:subfield></marc:datafield></marc:record>