
<marc:record><marc:leader>04208cam a2200661Ka 4500</marc:leader>
<marc:controlfield tag="001">ocn656696807</marc:controlfield>
<marc:controlfield tag="003">OCoLC</marc:controlfield><marc:controlfield tag="005">20160311042357.0</marc:controlfield><marc:controlfield tag="006">m     o  d        </marc:controlfield><marc:controlfield tag="007">cr            </marc:controlfield><marc:controlfield tag="008">100818s1799    enkaf   o     000 0 eng d</marc:controlfield><marc:datafield tag="019" ind1=" " ind2=" "><marc:subfield code="a">84860412</marc:subfield><marc:subfield code="a">536521542</marc:subfield><marc:subfield code="a">642382665</marc:subfield><marc:subfield code="a">669184713</marc:subfield><marc:subfield code="a">722318288</marc:subfield><marc:subfield code="a">741140416</marc:subfield><marc:subfield code="a">744625190</marc:subfield></marc:datafield><marc:datafield tag="019" ind1=" " ind2=" "><marc:subfield code="a">84860412</marc:subfield><marc:subfield code="a">536521542</marc:subfield><marc:subfield code="a">642382665</marc:subfield><marc:subfield code="a">669184713</marc:subfield><marc:subfield code="a">722318288</marc:subfield><marc:subfield code="a">741140416</marc:subfield><marc:subfield code="a">744625190</marc:subfield></marc:datafield><marc:datafield tag="035" ind1=" " ind2=" "><marc:subfield code="a">(OCoLC)656696807</marc:subfield><marc:subfield code="z">(OCoLC)84860412</marc:subfield><marc:subfield code="z">(OCoLC)536521542</marc:subfield><marc:subfield code="z">(OCoLC)642382665</marc:subfield><marc:subfield code="z">(OCoLC)669184713</marc:subfield><marc:subfield code="z">(OCoLC)722318288</marc:subfield><marc:subfield code="z">(OCoLC)741140416</marc:subfield><marc:subfield code="z">(OCoLC)744625190</marc:subfield></marc:datafield><marc:datafield tag="040" ind1=" " ind2=" "><marc:subfield code="a">OCLCE</marc:subfield><marc:subfield code="b">eng</marc:subfield><marc:subfield code="e">pn</marc:subfield><marc:subfield code="c">OCLCE</marc:subfield><marc:subfield code="d">ZYU</marc:subfield><marc:subfield code="d">VOD</marc:subfield><marc:subfield code="d">MIGCL</marc:subfield><marc:subfield code="d">OCLCQ</marc:subfield><marc:subfield code="d">NNM</marc:subfield><marc:subfield code="d">VT2</marc:subfield><marc:subfield code="d">KIJ</marc:subfield><marc:subfield code="d">OCLCQ</marc:subfield><marc:subfield code="d">FIE</marc:subfield><marc:subfield code="d">OCLCO</marc:subfield><marc:subfield code="d">SINTU</marc:subfield><marc:subfield code="d">OCLCQ</marc:subfield><marc:subfield code="d">OCLCO</marc:subfield><marc:subfield code="d">NLGGC</marc:subfield></marc:datafield><marc:datafield tag="042" ind1=" " ind2=" "><marc:subfield code="a">dlr</marc:subfield></marc:datafield><marc:datafield tag="043" ind1=" " ind2=" "><marc:subfield code="a">e-uk---</marc:subfield></marc:datafield><marc:datafield tag="049" ind1=" " ind2=" "><marc:subfield code="a">TFWW</marc:subfield></marc:datafield><marc:datafield tag="050" ind1=" " ind2="4"><marc:subfield code="a">PR3291.A1</marc:subfield><marc:subfield code="b">R6c</marc:subfield></marc:datafield><marc:datafield tag="082" ind1="0" ind2="4"><marc:subfield code="a">827.08</marc:subfield></marc:datafield><marc:datafield tag="245" ind1="0" ind2="4"><marc:subfield code="a">The Rolliad</marc:subfield><marc:subfield code="h">[electronic resource] :</marc:subfield><marc:subfield code="b">in two parts ; Probationary odes for the laureatship ; and Political eclogues: with criticisms and illustrations. /</marc:subfield><marc:subfield code="c">revised, corrected and enlarged by the original authors.</marc:subfield></marc:datafield><marc:datafield tag="250" ind1=" " ind2=" "><marc:subfield code="a">The twenty-first ed.</marc:subfield></marc:datafield><marc:datafield tag="260" ind1=" " ind2=" "><marc:subfield code="a">London :</marc:subfield><marc:subfield code="b">Printed for J. Ridgway,</marc:subfield><marc:subfield code="c">1799.</marc:subfield></marc:datafield><marc:datafield tag="300" ind1=" " ind2=" "><marc:subfield code="a">1 online resource (xxxii, 524, [4] pages, [1] leaf of plates) :</marc:subfield><marc:subfield code="b">illustrations</marc:subfield></marc:datafield><marc:datafield tag="336" ind1=" " ind2=" "><marc:subfield code="a">text</marc:subfield><marc:subfield code="b">txt</marc:subfield><marc:subfield code="2">rdacontent</marc:subfield></marc:datafield><marc:datafield tag="337" ind1=" " ind2=" "><marc:subfield code="a">computer</marc:subfield><marc:subfield code="b">c</marc:subfield><marc:subfield code="2">rdamedia</marc:subfield></marc:datafield><marc:datafield tag="338" ind1=" " ind2=" "><marc:subfield code="a">online resource</marc:subfield><marc:subfield code="b">cr</marc:subfield><marc:subfield code="2">rdacarrier</marc:subfield></marc:datafield><marc:datafield tag="500" ind1=" " ind2=" "><marc:subfield code="a">A collection of satires on William Pitt and his followers, in the form of mock reviews of a mock epic named for John Rolle and odes purporting to be the competitive entries of Thomas Warton's rivals for the laureateship, by Richard Tickell, Richard Fitzpatrick, Joseph Richardson, George Ellis, French Laurence, and others.--Cf. Cambridge hist. of Eng. lit., v. 11.</marc:subfield></marc:datafield><marc:datafield tag="500" ind1=" " ind2=" "><marc:subfield code="a">Originally appeared in the Morning herald and Daily advertiser for 1784 and following years; Criticisms on the Rolliad, Probationary odes for the laureatship, and Political miscellanies also published separately.</marc:subfield></marc:datafield><marc:datafield tag="500" ind1=" " ind2=" "><marc:subfield code="a">Engraved t.p. vignette.</marc:subfield></marc:datafield><marc:datafield tag="500" ind1=" " ind2=" "><marc:subfield code="a">Advertisements: [3] p. at end.</marc:subfield></marc:datafield><marc:datafield tag="500" ind1=" " ind2=" "><marc:subfield code="a">Pages [ii], [vi], [x], [226] and the last page are blank.</marc:subfield></marc:datafield><marc:datafield tag="500" ind1=" " ind2=" "><marc:subfield code="a">Signatures: a-b⁸B-Z⁸2A-2L⁸.</marc:subfield></marc:datafield><marc:datafield tag="505" ind1="2" ind2=" "><marc:subfield code="a">Criticisms on the Rolliad -- Political eclogues -- Probationary odes for the laureatship -- Political miscellanies.</marc:subfield></marc:datafield><marc:datafield tag="505" ind1="0" ind2=" "><marc:subfield code="a">Advertisement -- Advertisement to the fourth edition -- Dedication to Sir Lloyd Kenyon -- Short account of the family of the Rollos, now Rolles, faithfully extracted from the records of the Herald's office -- Extract from the dedication of the Rolliad, an epic poem -- Criticisms on the Rolliad -- Political eclogues -- Probationary odes for the laureatship : with a preliminary discourse / by Sir John Hawkins [pseud.] -- Political miscellanies.</marc:subfield></marc:datafield><marc:datafield tag="590" ind1=" " ind2=" "><marc:subfield code="a">Print copy in Tufts Special Collections.</marc:subfield></marc:datafield><marc:datafield tag="506" ind1=" " ind2=" "><marc:subfield code="a">Tufts print copy: Apply to the curator of rare books</marc:subfield><marc:subfield code="5">MMeT</marc:subfield></marc:datafield><marc:datafield tag="533" ind1=" " ind2=" "><marc:subfield code="a">Electronic reproduction.</marc:subfield><marc:subfield code="b">Medford, MA :</marc:subfield><marc:subfield code="c">Tisch Library, Tufts University,</marc:subfield><marc:subfield code="d">2015.</marc:subfield><marc:subfield code="n">Scanned by the Boston Library Consortium/Open Content Alliance as part of the BLC OCA Digitization Project from a copy at the Tisch Library, Tufts University.</marc:subfield><marc:subfield code="5">MMeT</marc:subfield></marc:datafield><marc:datafield tag="588" ind1=" " ind2=" "><marc:subfield code="a">Description based on print version record.</marc:subfield></marc:datafield><marc:datafield tag="600" ind1="1" ind2="0"><marc:subfield code="a">Pitt, William,</marc:subfield><marc:subfield code="d">1759-1806.</marc:subfield></marc:datafield><marc:datafield tag="600" ind1="1" ind2="0"><marc:subfield code="a">Rolle of Stevenstone, John Rolle,</marc:subfield><marc:subfield code="c">Baron,</marc:subfield><marc:subfield code="d">1750-1842.</marc:subfield></marc:datafield><marc:datafield tag="600" ind1="1" ind2="0"><marc:subfield code="a">Warton, Thomas,</marc:subfield><marc:subfield code="d">1728-1790.</marc:subfield></marc:datafield><marc:datafield tag="650" ind1=" " ind2="0"><marc:subfield code="a">Satire, English.</marc:subfield></marc:datafield><marc:datafield tag="651" ind1=" " ind2="0"><marc:subfield code="a">Great Britain</marc:subfield><marc:subfield code="x">Politics and government</marc:subfield><marc:subfield code="y">1760-1789.</marc:subfield></marc:datafield><marc:datafield tag="655" ind1=" " ind2="7"><marc:subfield code="a">Electronic books.</marc:subfield><marc:subfield code="2">lcgft</marc:subfield></marc:datafield><marc:datafield tag="740" ind1="0" ind2="2"><marc:subfield code="a">Criticisms on the Rolliad.</marc:subfield></marc:datafield><marc:datafield tag="740" ind1="0" ind2="2"><marc:subfield code="a">Political eclogues.</marc:subfield></marc:datafield><marc:datafield tag="740" ind1="0" ind2="2"><marc:subfield code="a">Probationary odes for the laureatship.</marc:subfield></marc:datafield><marc:datafield tag="740" ind1="0" ind2="2"><marc:subfield code="a">Political miscellanies.</marc:subfield></marc:datafield><marc:datafield tag="752" ind1=" " ind2=" "><marc:subfield code="a">Great Britain</marc:subfield><marc:subfield code="b">England</marc:subfield><marc:subfield code="d">London.</marc:subfield></marc:datafield><marc:datafield tag="776" ind1="0" ind2="8"><marc:subfield code="i">Print version:</marc:subfield><marc:subfield code="t">Rolliad.</marc:subfield><marc:subfield code="b">The twenty-first ed.</marc:subfield><marc:subfield code="d">London : Printed for J. Ridgway, 1799</marc:subfield><marc:subfield code="w">(OCoLC)7949905</marc:subfield></marc:datafield><marc:datafield tag="856" ind1="4" ind2="0"><marc:subfield code="u">https://archive.org/details/rolliadintwopart00unse</marc:subfield><marc:subfield code="z">Full-text -- Internet Archive</marc:subfield></marc:datafield><marc:datafield tag="907" ind1=" " ind2=" "><marc:subfield code="a">.b29132745</marc:subfield><marc:subfield code="b">03-20-16</marc:subfield><marc:subfield code="c">03-11-16</marc:subfield></marc:datafield><marc:datafield tag="998" ind1=" " ind2=" "><marc:subfield code="a">u</marc:subfield><marc:subfield code="b">03-11-16</marc:subfield><marc:subfield code="c">m</marc:subfield><marc:subfield code="d">@</marc:subfield><marc:subfield code="e">-</marc:subfield><marc:subfield code="f">eng</marc:subfield><marc:subfield code="g">enk</marc:subfield><marc:subfield code="h">4</marc:subfield><marc:subfield code="i">0</marc:subfield></marc:datafield><marc:datafield tag="910" ind1=" " ind2=" "><marc:subfield code="a">73 03/2016</marc:subfield></marc:datafield><marc:datafield tag="910" ind1=" " ind2=" "><marc:subfield code="a">BLC OCA Digitization Project 2015-12-14</marc:subfield></marc:datafield><marc:datafield tag="955" ind1=" " ind2=" "><marc:subfield code="b">ark:/13960/t25b4033n</marc:subfield><marc:subfield code="q">rolliadintwopart00unse</marc:subfield></marc:datafield><marc:datafield tag="994" ind1=" " ind2=" "><marc:subfield code="a">C0</marc:subfield><marc:subfield code="b">TFW</marc:subfield></marc:datafield></marc:record>