
<marc:record><marc:leader>02443cam a2200457Mi 4500</marc:leader>
<marc:controlfield tag="001">ocn642300121</marc:controlfield>
<marc:controlfield tag="003">OCoLC</marc:controlfield><marc:controlfield tag="005">20160323012108.0</marc:controlfield><marc:controlfield tag="006">m     o  d        </marc:controlfield><marc:controlfield tag="007">cr            </marc:controlfield><marc:controlfield tag="008">810407s1799    sz      o     000 0 eng d</marc:controlfield><marc:datafield tag="019" ind1=" " ind2=" "><marc:subfield code="a">84877076</marc:subfield><marc:subfield code="a">535783194</marc:subfield><marc:subfield code="a">722170848</marc:subfield><marc:subfield code="a">741244278</marc:subfield><marc:subfield code="a">744538377</marc:subfield></marc:datafield><marc:datafield tag="019" ind1=" " ind2=" "><marc:subfield code="a">84877076</marc:subfield><marc:subfield code="a">535783194</marc:subfield><marc:subfield code="a">722170848</marc:subfield><marc:subfield code="a">741244278</marc:subfield><marc:subfield code="a">744538377</marc:subfield></marc:datafield><marc:datafield tag="035" ind1=" " ind2=" "><marc:subfield code="a">(OCoLC)642300121</marc:subfield><marc:subfield code="z">(OCoLC)84877076</marc:subfield><marc:subfield code="z">(OCoLC)535783194</marc:subfield><marc:subfield code="z">(OCoLC)722170848</marc:subfield><marc:subfield code="z">(OCoLC)741244278</marc:subfield><marc:subfield code="z">(OCoLC)744538377</marc:subfield></marc:datafield><marc:datafield tag="040" ind1=" " ind2=" "><marc:subfield code="a">MIGCL</marc:subfield><marc:subfield code="b">eng</marc:subfield><marc:subfield code="c">MIGCL</marc:subfield><marc:subfield code="d">OCLCQ</marc:subfield><marc:subfield code="d">ZYU</marc:subfield><marc:subfield code="d">VOD</marc:subfield><marc:subfield code="d">NNM</marc:subfield><marc:subfield code="d">VT2</marc:subfield><marc:subfield code="d">KIJ</marc:subfield><marc:subfield code="d">OCLCQ</marc:subfield><marc:subfield code="d">OCLCF</marc:subfield><marc:subfield code="d">OCLCO</marc:subfield><marc:subfield code="d">NLGGC</marc:subfield><marc:subfield code="d">FIE</marc:subfield><marc:subfield code="d">TFW</marc:subfield></marc:datafield><marc:datafield tag="041" ind1="1" ind2=" "><marc:subfield code="a">eng</marc:subfield><marc:subfield code="a">ita</marc:subfield><marc:subfield code="h">ita</marc:subfield></marc:datafield><marc:datafield tag="049" ind1=" " ind2=" "><marc:subfield code="a">TFWW</marc:subfield></marc:datafield><marc:datafield tag="050" ind1=" " ind2="4"><marc:subfield code="a">PR3580</marc:subfield><marc:subfield code="b">.H25 1799</marc:subfield></marc:datafield><marc:datafield tag="100" ind1="1" ind2=" "><marc:subfield code="a">Hayley, William,</marc:subfield><marc:subfield code="d">1745-1820.</marc:subfield></marc:datafield><marc:datafield tag="245" ind1="1" ind2="4"><marc:subfield code="a">The life of John Milton</marc:subfield><marc:subfield code="h">[electronic resource] :</marc:subfield><marc:subfield code="b">with conjectures on the origin of Paradise lost /</marc:subfield><marc:subfield code="c">by William Hailey, Esq.</marc:subfield></marc:datafield><marc:datafield tag="260" ind1=" " ind2=" "><marc:subfield code="a">Basil :</marc:subfield><marc:subfield code="b">Printed and sold by James Decker. Strasburgh :</marc:subfield><marc:subfield code="b">Sold by F.G. Levrault,</marc:subfield><marc:subfield code="c">1799.</marc:subfield></marc:datafield><marc:datafield tag="300" ind1=" " ind2=" "><marc:subfield code="a">1 online resource ([4], xxiv, 362 pages)</marc:subfield></marc:datafield><marc:datafield tag="500" ind1=" " ind2=" "><marc:subfield code="a">With a half-title.</marc:subfield></marc:datafield><marc:datafield tag="500" ind1=" " ind2=" "><marc:subfield code="a">&quot;Appendix, containing extracts from the Adamo of Andreini: with an analysis of another Italian drama, on the same subject&quot;: pages [317]-362.</marc:subfield></marc:datafield><marc:datafield tag="590" ind1=" " ind2=" "><marc:subfield code="a">Print copy in Tufts Special Collections.</marc:subfield></marc:datafield><marc:datafield tag="506" ind1=" " ind2=" "><marc:subfield code="a">Tufts print copy: Apply to the curator of rare books</marc:subfield><marc:subfield code="5">MMeT</marc:subfield></marc:datafield><marc:datafield tag="533" ind1=" " ind2=" "><marc:subfield code="a">Electronic reproduction.</marc:subfield><marc:subfield code="b">Medford, MA :</marc:subfield><marc:subfield code="c">Tisch Library, Tufts University,</marc:subfield><marc:subfield code="d">2015.</marc:subfield><marc:subfield code="n">Scanned by the Boston Library Consortium/Open Content Alliance as part of the BLC OCA Digitization Project from a copy at the Tisch Library, Tufts University.</marc:subfield><marc:subfield code="5">MMeT</marc:subfield></marc:datafield><marc:datafield tag="588" ind1=" " ind2=" "><marc:subfield code="a">Description based on print version record.</marc:subfield></marc:datafield><marc:datafield tag="600" ind1="1" ind2="0"><marc:subfield code="a">Milton, John,</marc:subfield><marc:subfield code="d">1608-1674</marc:subfield><marc:subfield code="v">Biography.</marc:subfield></marc:datafield><marc:datafield tag="600" ind1="1" ind2="0"><marc:subfield code="a">Milton, John,</marc:subfield><marc:subfield code="d">1608-1674.</marc:subfield><marc:subfield code="t">Paradise lost.</marc:subfield></marc:datafield><marc:datafield tag="655" ind1=" " ind2="7"><marc:subfield code="a">Electronic books.</marc:subfield><marc:subfield code="2">lcgft</marc:subfield></marc:datafield><marc:datafield tag="700" ind1="1" ind2=" "><marc:subfield code="a">Andreini, Giovanni Battista,</marc:subfield><marc:subfield code="d">1578-</marc:subfield></marc:datafield><marc:datafield tag="752" ind1=" " ind2=" "><marc:subfield code="a">Switzerland</marc:subfield><marc:subfield code="d">Basel.</marc:subfield></marc:datafield><marc:datafield tag="776" ind1="0" ind2="8"><marc:subfield code="i">Print version:</marc:subfield><marc:subfield code="a">Hayley, William, 1745-1820.</marc:subfield><marc:subfield code="t">Life of John Milton.</marc:subfield><marc:subfield code="d">Basil : Printed and sold by James Decker ; Strasburgh : Sold by F.G. Levrault, 1799</marc:subfield><marc:subfield code="w">(OCoLC)9173774</marc:subfield></marc:datafield><marc:datafield tag="856" ind1="4" ind2="0"><marc:subfield code="u">https://archive.org/details/lifeofjohnmilton00hayl_0</marc:subfield><marc:subfield code="z">Full-text -- Internet Archive</marc:subfield></marc:datafield><marc:datafield tag="907" ind1=" " ind2=" "><marc:subfield code="a">.b29152707</marc:subfield><marc:subfield code="b">03-23-16</marc:subfield><marc:subfield code="c">03-23-16</marc:subfield></marc:datafield><marc:datafield tag="998" ind1=" " ind2=" "><marc:subfield code="a">u</marc:subfield><marc:subfield code="b">03-23-16</marc:subfield><marc:subfield code="c">m</marc:subfield><marc:subfield code="d">@</marc:subfield><marc:subfield code="e">-</marc:subfield><marc:subfield code="f">eng</marc:subfield><marc:subfield code="g">sz </marc:subfield><marc:subfield code="h">4</marc:subfield><marc:subfield code="i">1</marc:subfield></marc:datafield><marc:datafield tag="910" ind1=" " ind2=" "><marc:subfield code="a">BLC OCA Digitization Project 2015-12-14</marc:subfield></marc:datafield><marc:datafield tag="955" ind1=" " ind2=" "><marc:subfield code="b">ark:/13960/t5hb30m9t</marc:subfield><marc:subfield code="q">lifeofjohnmilton00hayl_0</marc:subfield></marc:datafield><marc:datafield tag="910" ind1=" " ind2=" "><marc:subfield code="a">73 03/2016</marc:subfield></marc:datafield><marc:datafield tag="994" ind1=" " ind2=" "><marc:subfield code="a">C0</marc:subfield><marc:subfield code="b">TFW</marc:subfield></marc:datafield></marc:record>