
<marc:record><marc:leader>02189nam a2200493Ii 4500</marc:leader>
<marc:controlfield tag="001">ocn945457082</marc:controlfield>
<marc:controlfield tag="003">OCoLC</marc:controlfield><marc:controlfield tag="005">20160323021300.0</marc:controlfield><marc:controlfield tag="006">m     o  d        </marc:controlfield><marc:controlfield tag="007">cr            </marc:controlfield><marc:controlfield tag="008">160323s1864    fr      o     000 1 fre d</marc:controlfield><marc:datafield tag="035" ind1=" " ind2=" "><marc:subfield code="a">(OCoLC)945457082</marc:subfield></marc:datafield><marc:datafield tag="040" ind1=" " ind2=" "><marc:subfield code="a">TFW</marc:subfield><marc:subfield code="b">eng</marc:subfield><marc:subfield code="e">rda</marc:subfield><marc:subfield code="c">TFW</marc:subfield></marc:datafield><marc:datafield tag="049" ind1=" " ind2=" "><marc:subfield code="a">TFWW</marc:subfield></marc:datafield><marc:datafield tag="050" ind1=" " ind2="4"><marc:subfield code="a">PQ2400</marc:subfield><marc:subfield code="b">.A1 1864</marc:subfield></marc:datafield><marc:datafield tag="100" ind1="1" ind2=" "><marc:subfield code="a">Sand, George,</marc:subfield><marc:subfield code="d">1804-1876,</marc:subfield><marc:subfield code="e">author.</marc:subfield></marc:datafield><marc:datafield tag="245" ind1="1" ind2="0"><marc:subfield code="a">Consuelo /</marc:subfield><marc:subfield code="c">par George Sand.</marc:subfield></marc:datafield><marc:datafield tag="250" ind1=" " ind2=" "><marc:subfield code="a">Nouvelle édition.</marc:subfield></marc:datafield><marc:datafield tag="264" ind1=" " ind2="1"><marc:subfield code="a">Paris :</marc:subfield><marc:subfield code="b">Michel Lévy frères, libraires-éditeurs,</marc:subfield><marc:subfield code="c">1864.</marc:subfield></marc:datafield><marc:datafield tag="264" ind1=" " ind2="2"><marc:subfield code="a">[Paris] :</marc:subfield><marc:subfield code="b">A la librairie nouvelle,</marc:subfield><marc:subfield code="c">[1864]</marc:subfield></marc:datafield><marc:datafield tag="300" ind1=" " ind2=" "><marc:subfield code="a">1 online resource (3 volumes)</marc:subfield></marc:datafield><marc:datafield tag="336" ind1=" " ind2=" "><marc:subfield code="a">text</marc:subfield><marc:subfield code="b">txt</marc:subfield><marc:subfield code="2">rdacontent</marc:subfield></marc:datafield><marc:datafield tag="337" ind1=" " ind2=" "><marc:subfield code="a">computer</marc:subfield><marc:subfield code="b">c</marc:subfield><marc:subfield code="2">rdamedia</marc:subfield></marc:datafield><marc:datafield tag="338" ind1=" " ind2=" "><marc:subfield code="a">online resource</marc:subfield><marc:subfield code="b">cr</marc:subfield><marc:subfield code="2">rdacarrier</marc:subfield></marc:datafield><marc:datafield tag="490" ind1="1" ind2=" "><marc:subfield code="a">Collection Michel Lévy</marc:subfield></marc:datafield><marc:datafield tag="490" ind1="1" ind2=" "><marc:subfield code="a">Œuvres de George Sand</marc:subfield></marc:datafield><marc:datafield tag="533" ind1=" " ind2=" "><marc:subfield code="a">Electronic reproduction.</marc:subfield><marc:subfield code="b">Medford, MA :</marc:subfield><marc:subfield code="c">Tisch Library, Tufts University,</marc:subfield><marc:subfield code="d">2015.</marc:subfield><marc:subfield code="n">Scanned by the Boston Library Consortium/Open Content Alliance as part of the BLC OCA Digitization Project from a copy at the Tisch Library, Tufts University.</marc:subfield><marc:subfield code="5">MMeT</marc:subfield></marc:datafield><marc:datafield tag="588" ind1="0" ind2=" "><marc:subfield code="a">Print version record.</marc:subfield></marc:datafield><marc:datafield tag="651" ind1=" " ind2="0"><marc:subfield code="a">Venice (Italy)</marc:subfield><marc:subfield code="v">Fiction.</marc:subfield></marc:datafield><marc:datafield tag="655" ind1=" " ind2="7"><marc:subfield code="a">Electronic books.</marc:subfield><marc:subfield code="2">lcgft</marc:subfield></marc:datafield><marc:datafield tag="776" ind1="0" ind2="8"><marc:subfield code="i">Print version:</marc:subfield><marc:subfield code="a">Sand, George, 1804-1876.</marc:subfield><marc:subfield code="t">Consuelo.</marc:subfield><marc:subfield code="b">Nouvelle édition.</marc:subfield><marc:subfield code="d">Paris : Michel Lévy frères, libraires-éditeurs, 1864</marc:subfield><marc:subfield code="w">(DLC)   12028752</marc:subfield><marc:subfield code="w">(OCoLC)811363163</marc:subfield></marc:datafield><marc:datafield tag="800" ind1="1" ind2=" "><marc:subfield code="a">Sand, George,</marc:subfield><marc:subfield code="d">1804-1876.</marc:subfield><marc:subfield code="t">Works.</marc:subfield><marc:subfield code="f">1861.</marc:subfield></marc:datafield><marc:datafield tag="830" ind1=" " ind2="0"><marc:subfield code="a">Collection Michel Lévy.</marc:subfield></marc:datafield><marc:datafield tag="856" ind1="4" ind2="0"><marc:subfield code="3">v. 1</marc:subfield><marc:subfield code="u">https://archive.org/details/consuelo01sand_0</marc:subfield><marc:subfield code="z">Full-text -- Internet Archive</marc:subfield></marc:datafield><marc:datafield tag="856" ind1="4" ind2="0"><marc:subfield code="3">v. 2</marc:subfield><marc:subfield code="u">https://archive.org/details/consuelo02sand_0</marc:subfield><marc:subfield code="z">Full-text -- Internet Archive</marc:subfield></marc:datafield><marc:datafield tag="856" ind1="4" ind2="0"><marc:subfield code="3">v. 3</marc:subfield><marc:subfield code="u">https://archive.org/details/consuelo03sand_0</marc:subfield><marc:subfield code="z">Full-text -- Internet Archive</marc:subfield></marc:datafield><marc:datafield tag="907" ind1=" " ind2=" "><marc:subfield code="a">.b29152719</marc:subfield><marc:subfield code="b">03-23-16</marc:subfield><marc:subfield code="c">03-23-16</marc:subfield></marc:datafield><marc:datafield tag="998" ind1=" " ind2=" "><marc:subfield code="a">u</marc:subfield><marc:subfield code="b">03-23-16</marc:subfield><marc:subfield code="c">m</marc:subfield><marc:subfield code="d">@</marc:subfield><marc:subfield code="e">-</marc:subfield><marc:subfield code="f">fre</marc:subfield><marc:subfield code="g">fr </marc:subfield><marc:subfield code="h">0</marc:subfield><marc:subfield code="i">1</marc:subfield></marc:datafield><marc:datafield tag="910" ind1=" " ind2=" "><marc:subfield code="a">73 03/2016</marc:subfield></marc:datafield><marc:datafield tag="910" ind1=" " ind2=" "><marc:subfield code="a">BLC OCA Digitization Project 2015-12-14</marc:subfield></marc:datafield><marc:datafield tag="955" ind1=" " ind2=" "><marc:subfield code="b">ark:/13960/t7fr3rh7p</marc:subfield><marc:subfield code="q">consuelo01sand_0</marc:subfield><marc:subfield code="v">v.1</marc:subfield></marc:datafield><marc:datafield tag="955" ind1=" " ind2=" "><marc:subfield code="b">ark:/13960/t8gf4p98h</marc:subfield><marc:subfield code="q">consuelo02sand_0</marc:subfield><marc:subfield code="v">v.2</marc:subfield></marc:datafield><marc:datafield tag="955" ind1=" " ind2=" "><marc:subfield code="b">ark:/13960/t2z35pn0r</marc:subfield><marc:subfield code="q">consuelo03sand_0</marc:subfield><marc:subfield code="v">v.3</marc:subfield></marc:datafield><marc:datafield tag="994" ind1=" " ind2=" "><marc:subfield code="a">C0</marc:subfield><marc:subfield code="b">TFW</marc:subfield></marc:datafield></marc:record>
</marc:collection>
